@article{MulticoreSDK,
	Author = {Zhi Da Luo and Raja Das and Yao Qi},
	Journal = {ICST},
	Pages = {309--318},
	Title = {MulticoreSDK: A Practical and Efficient Deadlock Detector für Real-World Applications},
	Year = {2011}
}

@article{MagicLock,
	Author = {Yan Cai and W. K. Chan},
	Journal = {IEEE Transactions on Software Engineering (TSE)},
	Title = {Magiclock: Scalable Detection of Potential Deadlocks in Large-Scale Multithreaded Programs},
	Year = {2014}
}

@article{DeadlockAllgemein,
	Author = {K. Mani Chandy and Jayadev Misra and Laura M. Haas},
	Journal = {ACM Transactions on Computer Systems (TOCS)},
	Pages = {144--156},
	Number = {2},
	Volume = {1},
	Title = {Distributed Deadlock Detection},
	Year = {1983}
}

@article{DynamicDeadlock,
	Author = {Pallavi Joshi and Mayur Naik and Koushik Sen and David Gay},
	Journal = {FSE '10 Proceedings of the eighteenth ACM SIGSOFT international symposium on Foundations of software engineering},
	Pages = {327--336},
	Title = {An Effective Dynamic Analysis for Detecting Generalized Deadlocks},
	Year = {2010}
}

@article{DynamicDeadlockHavelund,
  Title={Dynamic deadlock analysis of multi-threaded programs},
  Author={Saddek Bensalem and Klaus Havelund},
  Journal={Haifa Verification Conference},
  Pages={208--223},
  Year={2005}
}

@online{PEARL, 
  author  = {GI-Fachgruppe 4.4.2 'Echtzeitprogrammierung, PEARL'}, 
  title   = {PEARL 90 Sprachreport}, 
  date    = {1995-01-01}, 
  url     = {https://www.real-time.de/misc/PEARL90-Sprachreport-V2.0-GI-1995-de.pdf}, 
  urldate = {2019-11-13}, 
}

@online{PEARLHistory, 
  author  = {IEP Ingenieurbüro für Echtzeitprogrammierung GmbH}, 
  title   = {Die Echtzeit Programmiersprache PEARL}, 
  date    = {0214}, 
  url     = {http://www.pearl90.de/pearlein.htm}, 
  urldate = {2019-12-12}, 
}

@misc{DIN-66253-2:1998-04,
type = {Norm},
number = {DIN 66253-2:1998-04},
month = {04},
year = {1998},
title = {{Informationstechnik - Programmiersprache PEARL - PEARL 90}},
}

@misc{DIN-66253:2018-03,
type = {Norm},
number = {DIN 66253-2:1998-04},
month = {03},
year = {2018},
title = {{Informationsverarbeitung - Programmiersprache PEARL - SafePEARL}},
}